<record xmlns="http://www.loc.gov/MARC21/slim" xmlns:xsi="http://www.w3.org/2001/XMLSchema-instance" xsi:schemaLocation="http://www.loc.gov/MARC21/slim http://www.loc.gov/standards/marcxml/schema/MARC21slim.xsd"><leader>01864nam a2200385   4500</leader><controlfield tag="001">001680498</controlfield><controlfield tag="003">NNU</controlfield><controlfield tag="006">m        d        </controlfield><controlfield tag="007">cr cn |||m|||a</controlfield><controlfield tag="008">150116s1904    ua      o     000 0 ara d</controlfield><datafield ind1=" " ind2=" " tag="040"><subfield code="a">NNU</subfield><subfield code="b">eng</subfield><subfield code="e">rda</subfield><subfield code="c">NNU</subfield></datafield><datafield ind1=" " ind2="4" tag="050"><subfield code="a">PJ7760.D3</subfield><subfield code="b">F3 1904</subfield></datafield><datafield ind1=" " ind2="4" tag="050"><subfield code="a">BJ1291</subfield><subfield code="b">.D3 1904</subfield></datafield><datafield ind1=" " ind2="4" tag="050"><subfield code="a">BP190.5.A75</subfield><subfield code="b">D34</subfield></datafield><datafield ind1="1" ind2=" " tag="100"><subfield code="6">880-01</subfield><subfield code="a">Dalji&#772;, Ah&#803;mad ibn &#699;Ali&#772;,</subfield><subfield code="d">1368?-1434 or 1435.</subfield></datafield><datafield ind1="1" ind2="3" tag="245"><subfield code="6">880-02</subfield><subfield code="a">al-Fala&#772;kah wa-al-maflu&#772;ku&#772;n /</subfield><subfield code="c">ta&#700;li&#772;f Ah&#803;mad ibn &#699;Ali&#772; al-Dalji&#772;.</subfield></datafield><datafield ind1=" " ind2=" " tag="260"><subfield code="6">880-03</subfield><subfield code="a">[al-Qa&#772;hirah] :</subfield><subfield code="b">Mat&#803;ba&#699;at al-Sha&#699;b,</subfield><subfield code="c">1322 [1904 or 1905]</subfield></datafield><datafield ind1=" " ind2=" " tag="300"><subfield code="a">online resource (145 pages)</subfield></datafield><datafield ind1=" " ind2=" " tag="336"><subfield code="a">text</subfield><subfield code="2">rdacontent</subfield></datafield><datafield ind1=" " ind2=" " tag="337"><subfield code="a">computer</subfield><subfield code="2">rdamedia</subfield></datafield><datafield ind1=" " ind2=" " tag="338"><subfield code="a">online resource</subfield><subfield code="2">rdacarrier</subfield></datafield><datafield ind1=" " ind2=" " tag="500"><subfield code="a">Part of the Arabic Collections Online (ACO) project, contributed by New York Univeristy Libraries.</subfield></datafield><datafield ind1=" " ind2=" " tag="533"><subfield code="a">Electronic reproduction.</subfield><subfield code="b">New York, N.Y. :</subfield><subfield code="c">New York University,</subfield><subfield code="d">2015.</subfield><subfield code="5">NNU</subfield></datafield><datafield ind1=" " ind2="0" tag="650"><subfield code="a">Asceticism</subfield><subfield code="x">Islam.</subfield></datafield><datafield ind1=" " ind2="7" tag="650"><subfield code="a">Asceticism</subfield><subfield code="x">Islam.</subfield><subfield code="2">fast</subfield><subfield code="0">(OCoLC)fst00818436</subfield></datafield><datafield ind1="2" ind2=" " tag="710"><subfield code="a">New York University.</subfield><subfield code="b">Libraries.</subfield></datafield><datafield ind1="0" ind2=" " tag="730"><subfield code="a">Arabic Collections Online.</subfield></datafield><datafield ind1="0" ind2="8" tag="776"><subfield code="i">Online version:</subfield><subfield code="a">Dalji&#772;, Ah&#803;mad ibn &#699;Ali&#772;, 1368?-1434 or 5.</subfield><subfield code="t">Fala&#772;kah wa-al-maflu&#772;ku&#772;n.</subfield><subfield code="d">[Cairo] : Mat&#803;ba&#699;at al-Sha&#699;b, 1322 [1904 or 1905]</subfield><subfield code="w">(OCoLC)780200194</subfield></datafield><datafield ind1="0" ind2="8" tag="776"><subfield code="i">Print version:</subfield><subfield code="a">Dalji&#772;, Ah&#803;mad ibn &#699;Ali&#772;, 1368?-1434 or 1435.</subfield><subfield code="t">al-Fala&#772;kah wa-al-maflu&#772;ku&#772;n</subfield><subfield code="w">(NNU)001680498</subfield></datafield><datafield ind1="4" ind2="0" tag="856"><subfield code="u">http://hdl.handle.net/2333.1/5dv41qh8</subfield></datafield><datafield ind1="1" ind2=" " tag="880"><subfield code="6">100-01/</subfield><subfield code="a">&#1583;&#1604;&#1580;&#1610;&#1548; &#1575;&#1581;&#1605;&#1583; &#1576;&#1606; &#1593;&#1604;&#1610;&#1548;,</subfield><subfield code="d">1368?-1434 or 1435.</subfield></datafield><datafield ind1="1" ind2="2" tag="880"><subfield code="6">245-02/</subfield><subfield code="a">&#1575;&#1604;&#1601;&#1604;&#1575;&#1603;&#1577; &#1608;&#1575;&#1604;&#1605;&#1601;&#1604;&#1608;&#1603;&#1608;&#1606; /</subfield><subfield code="c">&#1578;&#1571;&#1604;&#1610;&#1601; &#1575;&#1581;&#1605;&#1583; &#1576;&#1606; &#1593;&#1604;&#1610; &#1575;&#1604;&#1583;&#1604;&#1580;&#1610;.</subfield></datafield><datafield ind1=" " ind2=" " tag="880"><subfield code="6">260-03/</subfield><subfield code="a">[&#1575;&#1604;&#1602;&#1575;&#1607;&#1585;&#1577;] :</subfield><subfield code="b">&#1605;&#1591;&#1576;&#1593;&#1577; &#1575;&#1604;&#1588;&#1593;&#1576;&#1548;</subfield><subfield code="c">1322 [1904 or 1905]</subfield></datafield><datafield ind1=" " ind2=" " tag="959"><subfield code="a">NNU</subfield><subfield code="b">WEB</subfield><subfield code="c">GENI</subfield><subfield code="t">0</subfield><subfield code="m">Electronic access</subfield><subfield code="s">01</subfield></datafield><datafield ind1=" " ind2=" " tag="999"><subfield code="i">NNU_001680498</subfield><subfield code="o" /></datafield></record>